<?xml version="1.0" encoding="UTF-8"?><collection xmlns="http://www.loc.gov/MARC21/slim"><record><leader>00543nam--2200133-i-4500</leader><controlfield tag="001">000013825</controlfield><controlfield tag="002">20161230</controlfield><controlfield tag="005">20161230201030</controlfield><controlfield tag="008">060222s1000------------r-----000-0-eng-d</controlfield><datafield ind1=" " ind2=" " tag="080"><subfield code="a">621.8:621.0</subfield></datafield><datafield ind1=" " ind2=" " tag="100"><subfield code="a">Bour, Adriana, Tarus, Valentin, Papaiani, V., Ingion Bertiume</subfield></datafield><datafield ind1=" " ind2=" " tag="245"><subfield code="a">Manual ilustrat de terminologie tehnica in lim bile rusa si romana. siderurgie, prelucrare la cald, energetica, organe de masini, prelucrare la rece, mijloace de transport</subfield></datafield><datafield ind1=" " ind2=" " tag="260"><subfield code="a">Bucuresti, Institutul De Studii Romano-sovieti C, 1955. 311 P</subfield></datafield><datafield ind1=" " ind2=" " tag="852"><subfield code="a">47808</subfield></datafield></record></collection>